@inproceedings{hyflex2012,
  author    = {Ochoa and G. and Hyde and M. and Curtois and T. and Vazquez-Rodriguez and J.A. and Walker and J. and Gendreau and M. and Kendall and G. and McCollum and B. and Parkes and A.J. and Petrovic and S. and Burke and E.K.},
  title     = {{HyFlex: A Benchmark Framework for Cross-domain Heuristic Search}},
  booktitle = {European Conference on Evolutionary Computation in Combinatorial Optimisation{(EvoCOP~2012)}},
  year      = {2012},
  series    = {LNCS},
  volume    = {7245},
  editor    = {J.-K. Hao and M. Middendorf },
  address   = {Heidelberg},
  pages     = {136--147},
  publisher = {Springer}
}
 
@misc{chesc,
  author = {Ochoa G and Hyde M},
  title = {The cross-domain heuristic search challenge},
  year = {2011},
  url= {\url{http://www.asap.cs.nott.ac.uk/chesc2011/}},
  note = {Accessed: 2021-10-30}
}

@misc{f1score,
  author={V. Sheela},
  title = {What is the F1-score and what is its importance to machine learning?},
  year = {2021},
  url = {\url{https://vidyasheela.com/what-is-f1-score-and-what-is-its-importance-in-machine-learning/}},
  note = {Accessed: 2021-11-01}
}

@article{sgpc,
    author = {Espejo P.G. and Ventura S. and Herrera F.},
    title = {A survey on the application of genetic programming to classification},
    journal = {IEEE Transactions on Systems, Man, and Cynbernetics, Part C (Applications and Reviews)},
    year = {2010},
    pages = {121--144} 
}

@book{hyperheuristictas,
    author    = "Nelishia Pillay, Rong Qu",
    title     = "Hyper-Heuristics: Theory and Applications",
    year      = "2018",
    publisher = "Springer",
    address   = "Gewerbestrasse 11, 6330 Cham, Switzerland",
    pages     = {3--17}
}


@article{hyperheuristic2000,
    author = {P. Cowling and G. Kendall and E. Soubeiga},
    title = {A hyperheuristic approach for scheduling a sales summit.},
    journal={Selected Papers of the Third International Conference on the Practice And Theory of Automated Timetabling{(PATAT 2000)}},
    year= {2000},
    pages= {176--190} 
}
@book{phunter,
  author         = {W. Ip and C. Chan and F. Xue and C. Cheung},
  editor         = {Springer Science and Business Media LLC},
  publisher      = {Springer},
  title          = {A Hyper-Heuristic inspired by pearl hunting},
  year           = {2012}
}
@article{hhcds,
  author = {T. Cichowics and M. Drozdowski and M. Frankiewicz and G. Pawlak and F. Rytwinski and J. Wasilewski},
  title = {Hyper-heuristics for cross-domain search},
  journal={Bulletin of the Polish Academy of Sciences},
  year={2012},  
  pages={801--802} 
} 

@article{hhsoa,
  author = {Burke  E. and Gendreau M. and Hyde M. and Kendall G. and Ochoa  G. and Ã–zcan E.},
  title = {Hyper-heuristics: A survey of the state of the art},
  journal={Journal of Operational Research Society 64},
  year={2013},  
  pages={1695--1724} 
} 

@article{jkgp,
    author    = {John R. Koza},
    title     = {Genetic Programming: On the Programming of Computers by Means of Natural Selection},
    year      = {1992},
    journal = {The MIT Press}, 
    pages     = {74}
} 

@book{astaozcan,
    author = {Shahriar Asta and Ender Ozcan},
    title = {An Apprenticeship Learning Hyper-Heuristic for Vehicle Routing in HyFlex},
    year = {2014},
    publisher = {IEEE},
    booktitle = { 2014 IEEE Symposium on Evolving and Autonomous Learning Systems (EALS)},
    location = {University of Nottingham, United Kingdom},
    pages   = {1--8}
}

@article{ILS,
    author = {D. Walker and G. Ochoa and M. Gendreau and E. K. Burke},
    title = {Vehicle routing and adaptive iterated local search within the hyflex hyper-heuristic framework},
    year = {2012},
    journal = {LION}, 
    pages = {265--276}
}
 

@article {tdnn ,
  author = {Tyasnurita Raras and Ozcan Ender and John Robert},
  title = {Learning heuristic selection using a time delay neural network for open vehicle routing},
  journal= {IEEE Congress on Evolutionary Computation 2017},  
  year = {2017},
  pages = {1--7} 
}

@article{gehh,
  author = {Sabar N.R. and Kendall G. and Qu R.},
  title = "{A dynamic multi-armed bandit-gene expression programming hyper-heuristic for combinatorial optimization problems}",
  journal={IEEE Transactions on Cybernetics},
  year={2015},  
  pages={217--228} 
}